<?xml version="1.0" encoding="UTF-8"?><collection xmlns="http://www.loc.gov/MARC21/slim"><record><leader>00524nam--2200169-i-4500</leader><controlfield tag="001">000015485</controlfield><controlfield tag="002">20161230</controlfield><controlfield tag="005">20161230201031</controlfield><controlfield tag="008">060222s1000------------r-----000-0-eng-d</controlfield><datafield ind1=" " ind2=" " tag="040"><subfield code="a">IFIN-HH</subfield></datafield><datafield ind1=" " ind2=" " tag="080"><subfield code="a">538.915(043)</subfield></datafield><datafield ind1="1" ind2=" " tag="100"><subfield code="a">Boekema, Carolus</subfield></datafield><datafield ind1="1" ind2="0" tag="245"><subfield code="a">Spin and charge densitiws in some iron compounds</subfield><subfield code="b">A study of the electronic structure in fe3o4, fetio3, lafeo3, and cufes2</subfield><subfield code="c">Carolus boekema</subfield></datafield><datafield ind1=" " ind2=" " tag="260"><subfield code="a">Groningen</subfield><subfield code="b">Universitat</subfield><subfield code="c">1984</subfield></datafield><datafield ind1=" " ind2=" " tag="300"><subfield code="a">115P</subfield></datafield><datafield ind1=" " ind2=" " tag="852"><subfield code="a">72787</subfield><subfield code="c">539.2</subfield></datafield><datafield ind1=" " ind2=" " tag="CAT"><subfield code="a">Sys</subfield><subfield code="c">20121108</subfield><subfield code="h">135426</subfield></datafield></record></collection>